
@conference{Ful83,
   author = "William Fulton",
    title = "Introduction to intersection theory in algebraic geometry",
booktitle = "Regional Conference Series in Mathematics",
   number = 54,
     year = 1983}
     

@phdthesis{Sou12,
  author = "Souhila Guerfi Ababsa",
   title = "Authentification d'individus par reconnaissance de
caractéristiques biométriques liées aux visages 2D/3D",
  school = "Université D'EVRY VAL D'ESSONNE",
    year = 2008}
         
@unpublished{Roe12,
  author = "G.  Roethenbaugh",
   title = "An  Introduction  to  Biometrics  and  General  History",
    note = "Biometrics Explained, Section 1",
   month = "",
    year = 1998}

@article{CH83,
  author = "Chaochao Lu and Xiaoou Tang",
   title = "Surpassing Human-Level Face Verification Performance on LFW with GaussianFace",
 journal = "The Chinese University of Hong Kong",
  volume = 296,
    year = 2014,
   pages = "129--132"
	}
@article{VIO,
  author = "Paul Viola and Michael Jones",
   title = "Rapid Object Detection using a Boosted Cascade of Simple Features",
 journal = "Accepted Conference on Computer Vision and Pattern Recognition ",
  volume = 296,
    year = 2001,
   pages = "129--132"}

	
   @inproceedings{GMP81,
   author = "Mark Goresky and Robert MacPherson",
   title = "On the topology of complex algebraic maps",
	booktitle = "Algebraic Geometry Proceedings, La R\'abida, Lecture Notes in Mathematics",
   number = 961,
     year = 1981}    
		
@misc
{cnn,
author={CNN  World  News},
title={Schiphol  Backs  Eye  Scan  Security},
month={March},
year={2002},
note={http://www.cnn.com/2002/WORLD/europe/03/27/schiphol.security/}
}

@online{WinNT,
  author = {MultiMedia LLC},
  title = {{MS Windows NT} Kernel Description},
  year = 1999,
  url = {http://web.archive.org/web/20080207010024/http://www.808multimedia.com/winnt/kernel.htm},
  urldate = {2010-09-30}
   } 
@book
{MAL,
author={Antoine Cornuéjols and Laurent Miclet},
title={Apprentissage artificiel. Concepts et algorithmes},
publisher={Eyrolles},
year={2003},
address={Paris},
edition={}
}
		
@Book{h,
 title = {},
 publisher = {},
 year = {},
 ALTauthor = {},
 ALTeditor = {},
 OPTkey = {},
 OPTvolume = {},
 OPTnumber = {},
 OPTseries = {},
 OPTaddress = {},
 OPTedition = {},
 OPTmonth = {},
 OPTnote = {},
 OPTannote = {},
 OPTurl = {},
 OPTurldate = {},
 OPTlastchecked = {},
 OPTdoi = {},
 OPTisbn = {},
 OPTissn = {},
 OPTlocalfile = {},
 OPTabstract = {},
 OPTkeywords = {},
}
@MastersThesis{MAT,
 author = {Mathieu Van Wambeke},
 title = {Extraction des caractéristiques pour l'analyse biométrique d’un visage},
 school = {Université Catholique de Louvain, Ecole Polytechnique de Louvain},
 year = {2010},
}
@MastersThesis{SAB,
 author = {Bettahar  Abdessettar and Saber Fathi},
 title = {Reconnaissance et suivi de visages et implémentation en robotique temps-réel},
 school = {UNIVERSITE KASDI MERBAH OUARGLA, Faculté des Nouvelles technologies de l’information et de la 
communication},
 year = {2014},
}
@Article{Adi,
 author = {Y.Adini and Y.Moses and S.Ullman },
 title = {Face  recognition : The  problem  of compensating for changes in illumination direction},
 journal = { IEEE Trans. Pattern Analysis \& Machine Intelligence},
 year = {1997},
 OPTkey = {},
 volume = {19},
 number = {7},
 pages = {721–732},
 month = {July},
 note = {},
 OPTannote = {},
 OPTurl = {},
 OPTurldate = {},
 OPTlastchecked = {},
 OPTdoi = {},
 OPTisbn = {},
 OPTissn = {},
 OPTlocalfile = {},
 OPTabstract = {},
 OPTkeywords = {},
}

@Misc{bio,
 OPTkey = {},
 author = {Peter Hope-Tindall},
 title = {Technologie fondé sur la biométrie},
 OPThowpublished = {},
 OPTmonth = {},
 year = {2004},
 note = {http://www.oecd.org/document/20/0,3343,fr\_2649\_34255\_35016029\_1\_1\_1\_1,00.html},
 OPTannote = {},
 url = {http://www.oecd.org/document/20/0,3343,fr\_2649\_34255\_35016029\_1\_1\_1\_1,00.html},
 urldate = {12/04/2016},
 lastchecked = {},
 OPTdoi = {},
 OPTisbn = {},
 OPTissn = {},
 OPTlocalfile = {},
 OPTabstract = {},
 OPTkeywords = {},
}


@Misc{Bla01,
 OPTkey = {},
 author = {D. Blackburn and M. Bone and P. J Phillips.},
 title = {Face recognition vendor test 2000},
 OPThowpublished = {},
 OPTmonth = {},
 year = {2001},
 note = {http://www.frvt.org},
 OPTannote = {},
 url = {},
 urldate = {},
 lastchecked = {},
 OPTdoi = {},
 OPTisbn = {},
 OPTissn = {},
 OPTlocalfile = {},
 OPTabstract = {},
 OPTkeywords = {},
}

@Misc{OPEN,
  author =       {The University of Southampton},
  title =        {OpenIMAJ History and Sponsors},
  howpublished = {http://openimaj.org/sponsors.html},
  year =         {Mis en ligne le 22 Juin 2016, consult\'{e} le 30 Ao\^{u}t 2016},
}

@Misc{TUTO,
  author =       {Jonathon Hare and Sina Samangooei and David Dupplaw},
  title =        {The OpenIMAJ Tutorial},
  howpublished = {http://openimaj.org/tutorial-pdf.pdf},
  year =         {Mis en ligne en 2016, consult\'{e} le 13 Mai 2016}
}

@Misc{BIOM,
  author =       {biometrie-online.net},
  title =        {52\% des consommateurs préfèrent l’authentification biométrique},
  howpublished = {http://www.biometrie-online.net/actualites/articles/685-52-preferent-l-authentification-biometrique},
  year ={consult\'{e} le 03 Septembre 2016}
}

@Article{Gro,
 author = {R. Gross and J. Shi and J. Cohn},
 title = {Quo Vadis FaceRecognition?},
 journal = { Third Workshop on Empirical Evaluation Methods in Computer Vision},
 year = {2001},
 OPTkey = {},
 volume = {},
 number = {},
 pages = {},
 month = {December},
}

@Article{EBGM,
 author = {Laurenz Wiskott and Jean-Marc Fellousc and Norbert Kruger and Christopher von derMalsburg},
 title = {Face recognition by elastic bunch graph matching},
 journal = {IEEE Transactions on Pattern Analysis and Machine Intelligence},
 year = {1997},
 OPTkey = {},
 volume = {19},
 number = {7},
 pages = {775-779},
 month = {December},
}

@Article{Lal,
 author = {Lalita Acharyab and Tomasz Kasprzycki},
 title = {La Biométrie et son usage par l'État},
 journal = { Bibliothèque du parlement},
 year = {2010},
 OPTkey = {},
 volume = {},
 number = {},
 pages = {},
 month = {Avril},
 
}

@Article{Yan01,
 author = {Ming-Hsuan Yang and David J. Kriegman and Narendra Ahuja},
 title = {Detecting faces in images : A survey},
 journal = { IEEE Transactions on pattern analysis and machine intelligence},
 year = {2002},
 OPTkey = {},
 volume = {24},
 number = {1},
 pages = {1746--1762},
 month = {},
 OPTnote = {},
 OPTannote = {},
 OPTurl = {},
 OPTurldate = {},
 OPTlastchecked = {},
 OPTdoi = {},
 OPTisbn = {},
 OPTissn = {},
 OPTlocalfile = {},
 OPTabstract = {},
 OPTkeywords = {},
}

@Article{Row,
 author = {H.A. Rowley and S. Baluja and T. Kanade},
 title = {Neural network-based face detection},
 journal = {IEEE Transactions on Pattern Analysis and Machine Intelligence},
 year = {1998},
 OPTkey = {},
 volume = {20},
 number = {1},
 pages = {23--38},
 month = {},
 OPTnote = {},
 OPTannote = {},
 OPTurl = {},
 OPTurldate = {},
 OPTlastchecked = {},
 OPTdoi = {},
 OPTisbn = {},
 OPTissn = {},
 OPTlocalfile = {},
 OPTabstract = {},
 OPTkeywords = {},
}

@Article{Kan,
 author = {H. Schneiderman and T. Kanade},
 title = {Probabilistic modeling of local appearance and spatial relationships for object recognition},
 journal = {Computer Vision and Pattern Recognition, IEEE Computer Society Conference on},
 year = {1998},
 OPTkey = {},
 volume = {0},
 number = {45},
 pages = {},
 month = {},
 OPTnote = {},
 OPTannote = {},
 
}

@Article{Gur,
 author = {Gurpreet Kaur and Manbir Sandhu and Purnima},
 title = {Facial Recognition: Issues, Techniques and Applications},
 journal = {International Journal of Advanced Research in Computer Science and Software Engineering},
 year = {2016},
 OPTkey = {},
 volume = {6},
 number = {2},
 pages = {},
 month = {February},
 OPTnote = {},
 OPTannote = {},
 url = {},
 OPTurldate = {},
 OPTlastchecked = {},
 OPTdoi = {},
 OPTisbn = {},
 issn = {2277 128X},
 OPTlocalfile = {},
 OPTabstract = {},
 OPTkeywords = {},
}


@Article{CHEN,
 author = {Jie Chen and Xilin Chen and Jie Yang and Shiguang Shan and Ruiping Wang and Wen Gao},
 title = {Optimization of a training set for more robust face dectection},
 journal = {Pattern Recognition},
 year = {2009},
 OPTkey = {},
 volume = {42},
 number = {2009},
 pages = {2828-2840},
 month = {},
 OPTnote = {},
 OPTannote = {},
 url = {},
 OPTurldate = {},
 OPTlastchecked = {},
 OPTdoi = {},
 OPTisbn = {},
 issn = {},
 OPTlocalfile = {},
 OPTabstract = {},
 OPTkeywords = {},
}

@Article{Jai,
 author = {A.K. Jain and B. Chandrasekaran},
 title = {Dimensionality  and  sample  size considerations  in  pattern  recognition  practice},
 journal = {P.R.  Krishnaiah,  L.N. Kanal (Eds.), Handbook of Statistics},
 year = {1982},
 OPTkey = {},
 volume = {2},
 number = {},
 pages = {835-855},
 month = {},
 OPTnote = {},
 OPTannote = {},
 url = {},
 OPTurldate = {},
 OPTlastchecked = {},
 OPTdoi = {},
 OPTisbn = {},
 issn = {},
 OPTlocalfile = {},
 OPTabstract = {},
 OPTkeywords = {},
}


@Article{TURK,
 author = {M. Turk and A. Pentland},
 title = {Eigenfaces  for  Recognition},
 journal = {Journal  of  Cognitive Neurosicence},
 year = {1991},
 OPTkey = {},
 volume = {3},
 number = {1},
 pages = {71-86},
 month = {},
 OPTnote = {},
 OPTannote = {},
 url = {},
 OPTurldate = {},
 OPTlastchecked = {},
 OPTdoi = {},
 OPTisbn = {},
 issn = {},
 OPTlocalfile = {},
 OPTabstract = {},
 OPTkeywords = {},
}

@Article{TOLBA,
 author = {A.S. Tolba and A.H. El-Baz and A.A. El Harby },
 title = {Face Recognition : A Literature Review},
 journal = {International Journal  of Signal Processing },
 year = {2005},
 OPTkey = {},
 volume = {2},
 number = {2},
 pages = {},
 month = {},
 OPTnote = {},
 OPTannote = {},
 url = {},
 OPTurldate = {},
 OPTlastchecked = {},
 OPTdoi = {},
 OPTisbn = {},
 issn = {1304-4494},
 OPTlocalfile = {},
 OPTabstract = {},
 OPTkeywords = {},
}

@Article{WAN,
 author = {Y. Wang and C. Chua and Y. Ho},
 title = {Facial feature detection and face recognition from 2D and 3D images},
 journal = {Pattern Recognition Letters},
 year = {2002},
 OPTkey = {},
 volume = {23},
 number = {},
 pages = {1191–1202},
 month = {},
}


@Article{BEL,
 author = {K. Etemad and R. Chellappa},
 title = {Discriminant  Analysis  for  Recognition  of  Human  Face images},
 journal = { Journal of the Optical Society of America A},
 year = {1997},
 OPTkey = {},
 volume = {14},
 number = {8},
 pages = {1724-1733},
 month = {August},
}

@Article{MAR,
 author = {A. Martinez, A.C. Kak},
 title = {PCA versus LDA},
 journal = {IEEE Transactions on Pattern Analysis and Machine Intelligence},
 year = {2001},
 OPTkey = {},
 volume = {23},
 number = {2},
 pages = {228-233},
 month = {},
}
@Article{XIAO,
 author = {Xiaoyang Tan and Songcan Chen and Zhi-Hua Zhou and Fuyan Zhang},
 title = {Face recognition from a single image per person: A survey},
 journal = {Pattern Recognition},
 year = {2006},
 OPTkey = {},
 volume = {36},
 number = {2006},
 pages = {1725-1745},
 month = {},
}

@Article{BRU,
 author = {R. Brunelli and T. Poggio},
 title = {Face  recognition:  features  versus  templates},
 journal = {IEEE Transactions on Pattern Analysis and Machine Intelligence},
 year = {1993},
 OPTkey = {},
 volume = {},
 number = {},
 pages = {1042-1062},
 month = {},
}

@Article{SONG,
 author = {Songcan Chen and Daoqiang Zhang and Zhi-Hua Zhou},
 title = {Enhanced (pc)2a for face recognition with one training image per person},
 journal = {Pattern Recognition Letters},
 year = {2004},
 OPTkey = {},
 volume = {25},
 number = {10},
 pages = {1173-1184},
 month = {},
}
@Article{WU,
 author = {Jianxin Wu and Zhi-Hua Zhou},
 title = {Face recognition with one training image per person},
 journal = {Pattern Recognition Letters},
 year = {2002},
 OPTkey = {},
 volume = {23},
 number = {14},
 pages = {1711-1719},
 month = {},
}
@Article{JIAN,
 author = {Jian Yang and David Zhang and Alejandro F. Frangi and Jing yu Yang},
 title = {Two-dimensional pca: A new approach to appearance-based face representation and recognition},
 journal = {IEEE Transactions on pattern analysis and machine intelligence},
 year = {2004},
 OPTkey = {},
 volume = {26},
 number = {1},
 pages = {131-137},
 month = {January},
}
@Article{KATO,
 author = {Nei Kato and Masato Suzuki and Shin'ichiro Omachi and Hirotomo Aso and Yoshiaki Nemoto},
 title = {A Handwritten Character Recognition
System Using Directional Element Feature
and Asymmetric Mahalanobis Distance},
 journal = {IEEE Transactions on pattern analysis and machine intelligence},
 year = {1999},
 OPTkey = {},
 volume = {21},
 number = {3},
 pages = {131-137},
 month = {March},
}
@Article{TIM,
 author = {Timo Ahonen and Abdenour Hadid and Matti Pietikanen},
 title = {Face Description with Local Binary Patterns:
Application to Face Recognition},
 journal = {IEEE Transactions on pattern analysis and machine intelligence},
 year = {2006},
 OPTkey = {},
 volume = {28},
 number = {12},
 pages = {2037-2041},
 month = {December},
}
@Article{Lien,
 author = {Rainer Lienhart and Jochen Maydt},
 title = {An Extended Set of Haar-like Features for Rapid Object Detection},
 journal = {Intel Labs, Intel Corporation, Santa Clara},
 year = {},
 OPTkey = {},
 volume = {},
 number = {},
 pages = {},
 month = {},
}

      , , 2009.
@Article{OJA,
 author = {T.Ojala and M. Pietikainen and T. Maenpaa},
 title = {Multiresolution  gray-scale  and  rotation
invariant  texture  classification  with  local  binary  patterns},
 journal = {IEEE Transactions on pattern analysis and machine intelligence},
 year = {2002},
 OPTkey = {},
 volume = {24},
 number = {7},
 pages = {971-987},
 month = {},
}
@Article{TRACK,
 author = {J. M. Saragih and S. Lucey and J. F. Cohn},
 title = { Face Alignment through Subspace 
      Constrained Mean-Shifts},
 journal = {International Journal of Computer Vision (ICCV)},
 year = {2009},
 OPTkey = {},
 volume = {},
 number = {},
 pages = {},
 month = {September},
}
@Article{TAN,
 author = {Xiaoyang Tan and Bill Triggs},
 title = {Enhanced local texture feature sets for face recognition under difficult lighting conditions},
 journal = {Analysis and Modelling of Faces and
Gestures},
 year = {2007},
 OPTkey = {},
 volume = {4778},
 number = {7},
 pages = {168-182},
 month = {Oct},
}
@Article{Beymer,
 author = {David Beymer and Tomaso Poggio},
 title = {Face recognition from one example view},
 journal = {Fifth International Conference on Computer Vision (ICCV'95)},
 year = {1995},
 OPTkey = {},
 volume = {},
 number = {},
 pages = {},
 month = {},
}